@book{meirovitch1997principles,
  title={Principles and Techniques of Vibrations},
  author={Meirovitch, Leonard},
  isbn={9780132704304},
  lccn={96001641},
  series={Prentice Hall international editions},
  url={http://books.google.com/books?id=kEdyPgAACAAJ},
  year={1997},
  publisher={Prentice Hall-International}
}
